@software{gtsam,
	author       = {Frank Dellaert and GTSAM Contributors},
	title        = {borglab/gtsam},
	month        = May,
	year         = 2022,
	publisher    = {Georgia Tech Borg Lab},
	version      = {4.2a8},
	doi          = {10.5281/zenodo.5794541},
	url          = {https://github.com/borglab/gtsam)}}
}
	
@manual{mosek,
	author = "MOSEK ApS",
	title = "MOSEK Optimizer API for Python: Release 10.1.8",
	year = 2022,
	url = "https://docs.mosek.com/latest/pythonapi/index.html#"
}

@article{barfoot2011state,
	title={{State Estimation for Aerospace Vehicles - AER1513 Course Assignments}},
	author={Barfoot, TD},
	journal={University of Toronto Institute for Aerospace Studies, Tech. Rep.},
	year={2011}
}